1CClientBankExchange
ВерсияФормата=1.03
Кодировка=Windows
Отправитель=Альфа-Бизнес Онлайн
Получатель=
ДатаСоздания=12.03.2026
ВремяСоздания=08:53:00
ДатаНачала=01.01.2026
ДатаКонца=12.03.2026
РасчСчет=40702810217100000002

СекцияРасчСчет
ДатаНачала=01.01.2026
ДатаКонца=12.03.2026
РасчСчет=40702810217100000002
НачальныйОстаток=0.00
ВсегоПоступило=0.00
ВсегоСписано=0.00
КонечныйОстаток=0.00
КонецРасчСчет

КонецФайла

